@article{Thurstone_1927,
	author = {Thurstone, L.},
	journal = {Psychological Review},
	pages = {482--499},
	title = {A law of comparative judgment},
	volume = {34},
	number = {4},
	year = {1927},
	doi	= {https://doi.org/10.1037/h0070288},
	//url = {}
}

@article{Shannon_1948,
	author = {Shannon, C.},
	journal = {The Bell System Technical Journal},
	pages = {379--423},
	title = {A mathematical theory of communication},
	volume = {27},
	number = {3},
	year = {1948},
	doi	= {https://doi.org/10.1002/j.1538-7305.1948.tb01338.x},
	//url = {}
}

@article{Kullback_et_al_1951,
	author = {Kullback, S. and Leibler, R.},
	title = {On Information and Sufficiency},
	journal	= {The Annals of Mathematical Statistics},
	volume = {22},
	number = {1},
	pages = {79-86},
	year = {1951},
	//month = {},
	//note = {},
	//doi = {},
	url = {http://www.jstor.org/stable/2236703}
}

@article{Bradley_et_al_1952,
	author = {Bradley, R. and Terry, M.},
	journal = {Biometrika},
	pages = {324--345},
	title = {Rank Analysis of Incomplete Block Designs: I. The Method of Paired Comparisons},
	volume = {39},
	number = {3-4},
	year = {1952},
	doi	= {https://doi.org/10.2307/2334029},
	//url = {http://www.jstor.com/stable/2334029}
}

@article{Luce_1959,
	author = {Luce, R.},
	journal = {The Psychologcal Review},
	pages = {482--499},
	title = {On the possible psychophysical laws},
	volume = {66},
	number = {2},
	year = {1959},
	doi	= {https://doi.org/10.1037/h0043178},
	//url = {}
}

@article{Chamberlain_1965,
	author = {Chamberlain, T.},
	journal = {Science},
	pages = {754--759},
	title = {The Method of Multiple Working Hypotheses},
	volume = {148},
	number = {3671},
	year = {1965},
	//doi	= {},
	url = {https://www.jstor.org/stable/1716334}
}

@article{Akaike_1974,
	author = {Akaike, H.},
	journal = {IEEE Transactions on Automatic Control}, 
	pages = {716--723},
	title = {A new look at the statistical model identification}, 
	volume = {19},
	number = {6},
	year = {1974},
	doi = {https://doi.org/10.1109/TAC.1974.1100705},
	//url = {}
}

@article{Tutz_1986,
	author = {Tutz, G.},
	journal = {Journal of Mathemathical Psychology},
	pages = {306--316},
	title = {Bradley-Terry-Luce model with an Ordered Response},
	volume = {30},
	number = {3},
	year = {1986},
	doi	= {https://doi.org/10.1016/0022-2496(86)90034-9},
	//url = {}
}

@article{Duane_et_al_1987,
	author = {Duane, S. and Kennedy, A. and Pendleton, B. and Roweth, D.},
	title = {Hybrid Monte Carlo},
	journal = {Physics Letters B},
	volume = {195},
	number = {2},
	pages = {216-222},
	year = {1987},
	doi = {https://doi.org/10.1016/0370-2693(87)91197-X},
	url = {https://www.sciencedirect.com/science/article/pii/037026938791197X}
}

@article{Pearl_1988,
	author = {Pearl, J.},
	title = {Probabilistic Reasoning in Intelligent Systems: Networks of Plausible Inference},
	journal = {The Journal of Philosophy},
	volume = {88},
	number = {8},
	pages = {434--437},
	year = {1988},
	doi = {https://doi.org/10.2307/2026705},
	url = {https://www.jstor.org/stable/2026705}
}

@article{Cox_et_al_1989,
	author = {Cox, R. and McDaniel, D. and Kent, J. and Rosenbek, J.},
	journal = {Journal of Speech, Language, and Hearing Research},
	pages = {347--352},
	title = {Development of the Speech Intelligibility Rating (SIR) test for hearing aid comparisons},
	volume = {32},
	number = {2},
	year = {1989},
	doi	= {https://doi.org/10.1044/jshr.3202.347},
	//url = {}
}

@article{Kent_et_al_1989,
	author = {Kent, R. and Weismer, G. and Kent, J. and Rosenbek, J.},
	journal = {Journal of Speech and Hearing Disorders},
	pages = {482--499},
	title = {Toward phonetic intelligibility testing in dysarthria},
	volume = {54},
	number = {4},
	year = {1989},
	doi	= {https://doi.org/10.1044/jshd.5404.482},
	//url = {}
}

@article{Spirtes_et_al_1991,
	author = {Spirtes, P. and Glymour, C. and Scheines, R.},
	title = {From Probability to Causality},
	journal = {Philosophical Studies},
	volume = {64},
	number = {1},
	pages = {1--36},
	year = {1991},
	//doi = {},
	url = {https://www.jstor.org/stable/4320244}
}

@article{Agresti_1992,
	author = {Agresti, A.},
	journal = {Journal of the Royal Statistical Society},
	pages = {287--297},
	title = {Analysis of Ordinal Paired Comparison Data},
	volume = {41},
	number = {2},
	year = {1992},
	doi	= {https://doi.org/10.2307/2347562},
	//url = {https://www.jstor.org/stable/2347562}
}

@article{McDaniel_et_al_1992,
	author = {McDaniel, D. and Cox, R.},
	journal = {Journal of Speech and Hearing Research},
	pages = {686--693},
	title = {Evaluation of the Speech Intelligibility Rating (SIR) Test for Hearing Aid Comparisons},
	volume = {35},
	number = {3},
	year = {1992},
	doi	= {https://doi.org/10.1044/jshr.3503.686},
	//url = {}
}

@article{Johnson_et_al_2003,
	author = {Johnson, E. and Goldstein, D.},
	title = {Do Defaults Save Lives?},
	journal = {Science},
	volume = {302},
	number = {5649},
	pages = {1338--1339},
	year = {2003},
	doi = {https://doi.org/10.1126/science.1091721},
	url = {https://www.science.org/doi/abs/10.1126/science.1091721},	
}

@article{Whitehill_et_al_2004,
	author = {Whitehill, T. and Chau, C.},
	journal = {Clinical Linguistics and Phonetics},
	pages = {341--355},
	title = {Single-word intelligibility in speakers with repaired cleft palate},
	volume = {18},
	number = {},
	year = {2004},
	doi	= {https://doi.org/10.1080/02699200410001663344},
	//url = {}
}

@article{Ferrari_et_al_2004,
	author = {Ferrari, S. and Cribari-Neto, F.},
	journal = {Journal of Applied Statistics},
	pages = {799--815},
	title = {Beta Regression for Modelling Rates and Proportions},
	volume = {31},
	number = {7},
	year = {2004},
	doi	= {https://doi.org/10.1080/0266476042000214501},
	//url = {}
}

@article{Flipsen_2006,
	author = {Flipsen, P.},
	journal = {Clinical Linguistics and Phonetics},
	pages = {303--312},
	title = {Measuring the intelligibility of conversational speech in children},
	volume = {20},
	number = {4},
	year = {2006},
	doi	= {https://doi.org/10.1080/02699200400024863},
	//url = {}
}

@article{vanHeuven_2008,
	author = {van Heuven, V.},
	journal = {International Journal of Humanities and Arts Computing},
	pages = {39--62},
	title = {Making sense of strange sounds: (Mutual) intelligibility of related language varieties. A review},
	volume = {2},
	number = {1-2},
	year = {2008},
	doi	= {https://doi.org/10.3366/E1753854809000305},
	//url = {}
}

@article{DeRaeve_2010,
	author={Raeve, L.},
	journal={Otology and Neurotology},
	pages={1261--1267},
	title={A Longitudinal Study on Auditory Perception and Speech Intelligibility in Deaf Children Implanted Younger Than 18 Months in Comparison to Those Implanted at Later Ages},
	volume={31},
	number = {8},
	year={2010},
	doi	= {https://doi.org/10.1097/MAO.0b013e3181f1cde3},
	//url = {}
}

@article{Ertmer_2011,
	author = {Ertmer, D.},
	journal = {Language, Speech, and Hearing Services in Schools},
	pages = {52--58},
	title = {Assessing speech intelligibility in children with hearing loss: Toward revitalizing a valuable clinical tool},
	volume = {42},
	number = {1},
	year = {2011},
	doi	= {https://doi.org/10.1044/0161-1461(2010/09-0081)},
	//url = {}
}

@article{Chen_et_al_2011,
	author = {Chen, X. and Hong, H. and Nekipelov, D.},
	journal = {Journal of Economic Literature},
	pages = {228--239},
	title = {Nonlinear Models of Measurement Errors},
	volume = {49},
	\\number = {4},
	year = {2011},
	doi	= {https://doi.org/10.1257/jel.49.4.901},
	url = {https://www.aeaweb.org/articles?id=10.1257/jel.49.4.901}
}

@article{Bayes_et_al_2012,
	author = {Bayes, C. and Baz\'an, J. and Garc\'ia, C.},
	journal = {Bayesian Analysis},
	pages = {841--866},
	title = {A New Robust Regression Model for Proportions},
	volume = {7},
	number = {4},
	year = {2012},
	doi	= {https://doi.org/10.1214/12-ba728},
	//url = {}
}

@article{Chin_et_al_2012,
	author = {Chin, S. and Bergeson, T. and Phan, J.},
	journal = {Journal of Communication Disorders},
	pages = {355--366},
	title = {Speech intelligibility and prosody production in children with cochlear implants},
	volume = {45},
	\\number = {},
	year = {2012},
	doi	= {https://doi.org/10.1016/j.jcomdis.2012.05.003},
	//url = {}
}

@article{McLeod_et_al_2012,
	author = {McLeod, S. and Harrison, L. and McCormack, J.},
	journal = {Journal of Speech, Language and Hearing Research},
	pages = {648--656},
	title = {The intelligibility in context scale: Validity and reliability of a subjective rating measure},
	volume = {55},
	\\number = {2},
	year = {2012},
	doi	= {https://doi.org/10.1044/1092-4388(2011/10-0130)},
	//url = {}
}

@article{Pollitt_2012a,
	author = {Pollitt, A.},
	journal = {International Journal of Technology and Design Education},
	pages = {157–-170},
	title = {Comparative judgement for assessment},
	volume = {22},
	\\number = {2},
	year = {2012},
	doi	= {https://doi.org/10.1007/s10798-011-9189-x},
	//url = {}
}

@article{Pollitt_2012b,
	author = {Pollitt, A.},
	journal = {Assessment in Education: Principles, Policy and Practice},
	pages = {281–-300},
	title = {The method of adaptive comparative judgement},
	volume = {19},
	\\number = {3},
	year = {2012},
	doi	= {https://doi.org/10.1080/0969594X.2012.665354},
	//url = {}
}

@article{Gill_et_al_2013,
	author = {Gill, T. and Bramley, T.},
	journal = {Assessment in Education: Principles, Policy and Practice},
	pages = {308–-324},
	title = {How accurate are examiners' holistic judgements of script quality?},
	volume = {20},
	\\number = {3},
	year = {2013},
	doi	= {https://doi.org/10.1080/0969594X.2013.779229},
	//url = {}
}

@article{Watanabe_2013,
	author = {Watanabe, S.},
	title = {A Widely Applicable Bayesian Information Criterion},
	journal	= {Journal of Machine Learning Research 14},
	volume = {14},
	//number = {},
	pages = {867-897},
	year = {2013},
	//month = {},
	//note = {},
	//doi = {},
	url		= {https://dl.acm.org/doi/10.5555/2567709.2502609}
}

@article{Betancourt_et_al_2013,
	author = {Betancourt, M. and Girolami, M.},
	title = {Hamiltonian Monte Carlo for Hierarchical Models},
	journal	= {},
	volume = {},
	number = {},
	pages = {},
	year = {2012},
	//month = {},
	//note = {},
	//doi = {},
	url = {https://arxiv.org/abs/1312.0906v1}
}

@article{Figueroa-Zuniga_et_al_2013,
	author={Figueroa-Z\'u\~niga, J. and Arellano-Valle, R. and Ferrari, S.},
	journal={Computational Statistics & Data Analysis},
	pages = {137--147},
	title={Mixed beta regression},
	volume = {61},
	\\number = {},
	year={2013},
	doi={https://doi.org/10.1016/j.csda.2012.12.002},
	//url = {}
}

@article{Lagerberg_et_al_2014,
	author = {Lagerberg, T. and Asberg, J. and Hartelius, L. and Persson, C.},
	journal = {International Journal of Language and Communication 
	Disorders},
	pages = {228--239},
	title = {Assessment of intelligibility using children’s 
	spontaneous speech: Methodological aspects},
	volume = {49},
	\\number = {2},
	year = {2014},
	doi	= {https://doi.org/10.1111/1460-6984.12067},
	//url = {}
}

@article{Johannisson_et_al_2014,
	author = {Johannisson, T. and Lohmander, A. and Persson, C.},
	journal = {Logopedics Phoniatrics Vocology},
	pages = {159--168},
	title = {Assessing intelligibility by single words, sentences and spontaneous speech: A methodological study of speech production of 10-year-olds},
	volume = {39},
	\\number = {4},
	year = {2014},
	doi	= {https://doi.org/10.3109/14015439.2013.820487},
	//url = {}
} 

@article{Lee_et_al_2014,
	author = {Lee, M. and Steyvers, M. and Miller, B.},
	journal = {Plos One},
	pages = {1--9},
	title = {A cognitive model for aggregating people's rankings},
	volume = {9},
	\\number = {5},
	year = {2014},
	doi	= {https://doi.org/10.1371/journal.pone.0096431},
	//url = {}
}

@article{Revilla_et_al_2014,
	author = {Revilla, M. and Saris, W. and Krosnick, J.},
	journal = {Sociological Methods and Research},
	pages = {73--97},
	title = {Choosing the Number of Categories in Agree–Disagree Scales},
	volume = {43},
	number = {1},
	year = {2014},
	doi	= {https://doi.org/10.1177/0049124113509605},
	//url = {}
} 

@article{Hoffman_et_al_2014,
	author = {Hoffman, M. and Gelman, A.},
	journal = {Journal of Machine Learning Research},
	pages = {1593--1623},
	title = {The No-U-Turn Sampler: Adaptively Setting Path Lengths in Hamiltonian Monte Carlo},
	volume = {15},
	//number = {},
	year = {2014},
	//doi	= {},
	url = {https://www.jmlr.org/papers/volume15/hoffman14a/hoffman14a.pdf}
} 

@article{Textor_et_al_2016,
	author = {Textor, J. and van der Zander, B. and Gilthorpe, M. and Liskiewicz, M. and Ellison, G.},
	journal = {Int J Epidemiol},
	pages = {1887--1894},
	title = {Robust causal inference using directed acyclic graphs: the R package 'dagitty'},
	volume = {45},
	number = {6},
	year = {2016},
	doi	= {https://doi.org/10.1093/ije/dyw341},
	//url = {}
} 

@article{Bareinboim_et_al_2016,
	author = {Bareinboim, E. and Pearl, J.},
	journal = {Proceedings of the National Academy of Sciences},
	pages = {7345--7352},
	title = {Causal inference and the data-fusion problem},
	volume = {113},
	number = {27},
	year = {2016},
	doi	= {https://doi.org/10.1073/pnas.1510507113},
	//url = {}
}

@article{Freeman_et_al_2017,
	author = {Freeman, V. and Pisoni, D. and Kronenberger, W. and Castellanos, I.},
	journal = {Journal of Deaf Studies and Deaf Education},
	pages = {278--289},
	title = {Speech intelligibility and psychosocial functioning in deaf children and teens with cochlear implants},
	volume = {22},
	number = {3},
	year = {2017},
	doi	= {https://doi.org/10.1093/deafed/enx001},
	//url = {}
}

@article{Korver_et_al_2017,
	author = {Korver, A. and Smith, R. and Van Camp, G. and Schleiss, M. and Bitner-Glindzicz, M. and Lustig, L. and Usami, S. and Boudewyns, A.},
	journal = {Nature Reviews Disease Primers},
	pages = {278--289},
	title = {Congenital hearing loss},
	volume = {3},
	number = {16094},
	year = {2017},
	doi	= {https://doi.org/10.1038/nrdp.2016.94},
	//url = {}
}

@article{Wang_et_al_2017,
	author = {Wang, J. and Luo, S.},
	journal = {Statistical Methods in Medical Research},
	pages = {1684--1699},
	title = {Bayesian multivariate augmented Beta rectangular regression models for patient-reported outcomes and survival data.},
	volume = {26},
	number = {4},
	year = {2017},
	doi	= {https://doi.org/10.1177/0962280215586010},
	//url = {}
}

@article{Figueroa-Zuniga_et_al_2018,
	author={Figueroa-Z\'u\~niga, J. and Carrasco, J. and Arellano-Valle, R. and Ferrari, S.},
	journal={Brazilian Journal of Probability and Statistics},
	pages = {559--582},
	title={A Bayesian approach to errors-in-variables beta regression},
	volume = {32},
	number = {3},
	year={2018},
	doi={https://doi.org/10.1214/17-bjps354},
	//url = {}
}

@article{Bramley_et_al_2018,
	author = {Bramley, T. and Vitello, S.},
	journal = {Assessment in Education: Principles, Policy and Practice},
	pages = {43--58},
	title = {The effect of adaptivity on the reliability coefficient in adaptive comparative judgement},
	volume = {26},
	number = {1},
	year = {2018},
	doi	= {https://doi.org/10.1080/0969594X.2017.1418734},
	//url = {}
}

@article{Pearl_2019,
	author = {Pearl, J.},
	journal = {Communications of the ACM},
	pages = {54--60},
	title = {The seven tools of causal inference, with reflections on machine learning},
	volume = {62},
	number = {3},
	year = {2019},
	doi	= {https://doi.org/10.1177/0962280215586010},
	//url = {}
}

@article{Verhavert_et_al_2019,
	author = {Verhavert, S. and Bouwer, R. and Donche, V and De Maeyer, S.},
	journal = {Assessment in Education: Principles, Policy and Practice},
	pages = {541--562},
	title = {A meta-analysis on the reliability of comparative judgement},
	volume = {26},
	number = {5},
	year = {2019},
	doi	= {https://doi.org/10.1080/0969594X.2019.1602027},
	//url = {}
}

@article{Boonen_et_al_2019,
	author = {Boonen, N. and Kloots, H. and Verhoeven, J. and Gillis, S.},
	journal = {Clinical Linguistics and Phonetics},
	pages = {316--333},
	title = {Can listeners hear the difference between children with normal hearing and children with a hearing impairment?},
	volume = {33},
	number = {4},
	year = {2019},
	doi	= {https://doi.org/10.1080/02699206.2018.1513564 },
	//url = {}
}

@article{Yarkoni_2020,
	author = {Yarkoni, T.},
	journal = {The Behavioral and brain sciences},
	//pages = {},
	title = {The generalizability crisis},
	volume = {45},
	number = {e1},
	year = {2020},
	doi	= {https://doi.org/10.1017/S0140525X20001685},
	//url = {}
}

@article{Hustad_et_al_2020,
	author = {Hustad, K. and Mahr, T. and Natzke, P. and Rathouz, P.},
	journal = {Journal of Speech, Language, and Hearing Research},
	pages = {1675--1687},
	title = {Development of speech intelligibility between 30 and 
	47 months in typically developing children: A cross-sectional study of growth},
	volume = {63},
	number = {},
	year = {2020},
	doi	= {https://doi.org/10.1044/2020_JSLHR-20-00008},
	//url = {}
}

@article{Boonen_et_al_2020,
	author = {Boonen, N. and Kloots, H. and Gillis, S.},
	journal = {Journal of Communication Disorders},
	pages = {1675--1687},
	title = {Rating the overall speech quality of hearing-impaired children by means of comparative judgements},
	volume = {83},
	number = {},
	year = {2020},
	doi	= {https://doi.org/10.1016/j.jcomdis.2019.105969},
	//url = {}
}

@article{Boonen_et_al_2021,
	author = {Boonen, N. and Kloots, H. and Nurzia, P. and Gillis, S.},
	journal = {Journal of Child Language},
	pages = {1--26},
	title = {Spontaneous speech intelligibility: early cochlear implanted children versus their normally hearing peers at seven years of age},
	volume = {},
	number = {},
	year = {2021},
	doi	= {https://doi.org/10.1017/S0305000921000714},
	//url = {}
}

@article{Faes_et_al_2021,
	author = {Faes, J. and De Maeyer, S. and Gillis, S.},
	journal = {},
	pages = {1--50},
	title = {Speech intelligibility of children with an auditory brainstem implant: a triple-case study},
	volume = {},
	number = {},
	year = {2021},
	doi	= {},
	//url = {},
	note = {(submitted)}
}

@article{Figueroa-Zuniga_et_al_2021,
	author={Figueroa-Z\'u\~niga, J. and Bayes, C. and Leiva, V. and Liu, S.},
	journal={Statistical Papers},
	pages = {},
	title={Robust beta regression modeling with errors-in-variables: a Bayesian approach and numerical applications},
	//volume = {},
	//number = {},
	year={2021},
	doi={https://doi.org/10.1007/s00362-021-01260-1},
	//url = {}
}

@article{Rohrer_et_al_2021,
	author={Rohrer, J. and Schmukle, S. and McElreath, R.},
	journal={PsyArXiv},
	pages = {},
	title={The Only Thing That Can Stop Bad Causal Inference Is Good Causal Inference},
	//volume = {},
	//number = {},
	year={2021},
	doi={https://doi.org/10.31234/osf.io/mz5jx},
	//url = {}
}

@article{Fogarty_et_al_2022,
	author = {Fogarty, L. and Madeleine, A. and Holding, T. and Powell, A. and Kandler, A.},
	journal = {PLOS Computational Biology},
	pages = {1-8},
	title = {Ten simple rules for principled simulation modelling},
	volume = {18},
	number = {3},
	year = {2022},
	month = {03},
	doi = {https://doi.org/10.1371/journal.pcbi.1009917},
	//url = {}
}

@article{Cinelli_et_al_2021,
	author = {Cinelli, C. and Forney, A. and Pearl, J.},
	journal = {SSRN},
	//pages = {},
	title = {A Crash Course in Good and Bad Controls},
	//volume = {},
	//number = {},
	year = {2022},
	month = {09},
	doi = {http://dx.doi.org/10.2139/ssrn.3689437 },
	url = {https://ssrn.com/abstract=3689437}
}

@article{Deffner_et_al_2022,
	author = {Deffner, D. and Rohrer, J. and McElreath, R.},
	journal = {Advances in Methods and Practices in Psychological Science},
	//pages = {},
	title = {A Causal Framework for Cross-Cultural Generalizability},
	//volume = {},
	//number = {},
	year = {2022},
	//month = {},
	note = {(in press)}
	doi = {http://dx.doi.org/10.2139/ssrn.3689437 },
	url = {https://ssrn.com/abstract=3689437}
}

%%%%%%%%%%%%%%%%%%%%%%%%%%%%%%%%%%%%%%%%%%%%%%%%%%%%%%%%

@book{Mayer_1969,
	title = {Frog, where are You?},
	author = {Mayer, M.},
	isbn = {9780803728813},
	series = {Boy, a Dog, and a Frog},
	year={1969},
	publisher={Dial Books for Young Readers},
	//keywords = {},
	//month	= {},
	//note = {},
	//doi = {},
	url = {https://books.google.be/books?id=Asi5KQAACAAJ}
}

@book{Fuller_1987,
	title = {Measurement Error Models},
	author = {Fuller, W.},
	isbn = {9780470316665},
	series = {Wiley Series in Probability and Statistics},
	year = {1987},
	publisher = {John Wiley & Sons},
	//keywords = {},
	//month	= {},
	//note = {},
	doi = {https://doi.org/10.1002/9780470316665},
	//url = {}
}

@book{Levelt_1993,
	title = {Speaking: From Intention to Articulation},
	author = {Levelt, W.},
	isbn = {9780262278225},
	series = {},
	year = {1993},
	publisher = {The MIT Press},
	//keywords = {},
	//month	= {},
	//note = {},
	doi = {https://doi.org/10.7551/mitpress/6393.001.0001},
	//url = {}
}

@book{Jaynes_2003,
	title = {Probability Theory: The Logic of Science},
	author = {Jaynes, E.},
	isbn = {9781139435161},
	series = {},
	year = {2003},
	publisher = {Cambridge University Press},
	//keywords = {},
	//month	= {},
	//note = {},
	//doi = {},
	//url = {}
}

@book{Carroll_2006,
	title = {Measurement error in nonlinear models: a modern perspective},
	author = {Carroll, J.},
	isbn = {9780429139635},
	series = {},
	year = {2006},
	publisher = {Chapman and Hall/CRC},
	//keywords = {},
	//month	= {},
	//note = {},
	doi = {https://doi.org/10.1201/9781420010138},
	//url = {}
}

@book{Anderson_2008,
	title = {Model Based Inference in the Life Sciences: A Primer on Evidence},
	author = {Anderson, D.},
	isbn = {9780387740751},
	series = {},
	year = {2008},
	publisher = {Springer},
	//keywords = {},
	//month	= {},
	//note = {},
	//doi = {},
	//url = {}
}

@book{Pearl_2009,
	title = {Causality: Models, Reasoning and Inference},
	author = {Pearl, J.},
	//isbn = {},
	//series = {},
	year = {2009},
	publisher = {Cambrige University Press},
	//keywords = {},
	//month	= {},
	//note = {},
	//doi = {},
	//url = {}
}

@book{Buonaccorsi_2010,
	title = {Measurement Error: Models, Methods, and Applications},
	author = {Buonaccorsi, J.},
	isbn = {9780429150357},
	series = {},	
	year = {2010},
	publisher = {Chapman and Hall/CRC},
	//keywords = {},
	//month	= {},
	//note = {},
	doi = {https://doi.org/10.1201/9781420066586},
	//url = {}
}

@book{Kahneman_2013,
	title = {Thinking Fast and Slow},
	author = {Kahneman, D.},
	isbn = {9780374533557},
	series = {},
	year = {2013},
	publisher = {Farrar, Straus and Giroux},
	//keywords = {},
	//month	= {},
	//note = {},
	//doi = {},
	//url = {}
}

@book{Lawson_2015,
	title = {Design and Analysis of Experiments with R},
	author = {Lawson, J.},
	isbn = {9780429154522},
	series = {},
	year = {2018},
	publisher = {Chapman and Hall/CRC},
	//keywords = {},
	//month	= {},
	//note = {},
	//doi = {},
	//url = {}
}

@book{Pearl_et_al_2016,
	title = {Causal Inference in Statistics: A Primer},	
	author = {Pearl, J. and Glymour, M. and Jewell, N.},
	isbn = {978-1-119-18686-1},
	//series = {},
	year = {2016},
	publisher = {John Wiley & Sons, Inc.},
	//edition = {},
	//keywords = {},
	//month	= {},
	//note = {},
	//doi = {},
	//url = {}
}

@book{Baddeley_2017,
	title = {Behavioural Economics: A Very Short Introduction},
	author = {Baddeley, M.},
	isbn = {9780429154522},
	//series = {},
	year = {2017},
	publisher = {Oxford University Press},
	//keywords = {},
	//month	= {},
	//note = {},
	//doi = {},
	//url = {}
}

@book{Pearl_et_al_2018,
	title = {The Book of Why: The New Science of Cause and Effect},	author = {Pearl, J. and Mackenzie, D.},
	isbn = {046509760X},
	//series = {},
	year = {2018},
	publisher = {Basic Books, Inc.},
	edition = {1st},
	//keywords = {},
	//month	= {},
	//note = {},
	//doi = {},
	//url = {}
}

@book{Rowe_et_al_2018,
	title = {A Concise Introduction to Linguistics},
	author = {Rowe, B. and Levine, D.},
	isbn = {9781315227283},
	series = {},
	year = {2018},
	publisher = {Routledge},
	//keywords = {},
	//month	= {},
	//note = {},
	//doi = {},
	//url = {}
}

@book{McElreath_2020,
	title = {Statistical Rethinking: A Bayesian Course with Examples in R and STAN},
	author = {McElreath, R.},
	isbn = {9780367139919},
	series = {},
	year = {2020},
	publisher = {Chapman and Hall/CRC},
	//keywords = {},
	//month	= {},
	//note = {},
	//doi = {},
	//url = {}
}

@book{Hernan_et_al_2020,
	author = {Hernán, M. and Robins, J.},
	title = {Causal Inference: What If},
	publisher = {Chapman and Hall/CRC},
	volume = {},
	//number = {},
	//series = {},
	//address = {},
	edition	= {1},
	year = {2020},
	//keywords = {},
	//month	= {},
	//note = {},
	//doi = {},
	url	= {https://www.hsph.harvard.edu/miguel-hernan/causal-inference-book}
}

@book{MacWhinney_2020,
	title = {The CHILDES Project: Tools for Analyzing Talk},
	author = {MacWhinney, B.},
	//isbn = {},
	//series = {},
	year = {2020},
	publisher = {Lawrence Erlbaum Associates.},
	keywords = {},
	//month	= {},
	note = {3rd Edition.},
	doi = {https://doi.org/10.21415/3mhn-0z89},
	//url = {}
}

@book{Depaoli_2021,
	title = {Bayesian Structural Equation Modeling},
	author = {Depaoli, S.},
	isbn = {9781462547746},
	series = {Methodology in the social sciences},
	year = {2021},
	publisher = {The Guilford Press},
	keywords = {},
	//month	= {},
	//note = {},
	//doi = {},
	//url = {}
} 

%%%%%%%%%%%%%%%%%%%%%%%%%%%%%%%%%%%%%%%%%%%%%%%%%%%%%%%%

@phdthesis{Lesterhuis_2018,
	title = {The validity of comparative judgement for assessing text quality: An assessor’s perspective},
	author = {Lesterhuis, M.},
	school = {University of Antwerp},
	year = {2018},
}

@phdthesis{Verhavert_2018,
	title = {Beyond a Mere Rank Order: The Method, the Reliability and the Efficiency of Comparative Judgment},
	author = {Verhavert, S.},
	school = {University of Antwerp},
	year = {2018},
}

@phdthesis{vanDaal_2020,
	title = {Making a choice is not easy?!:	Unravelling the task difficulty of comparative judgement to assess student work},
	author = {van Daal, T.},
	school = {University of Antwerp},
	year = {2020},
}

@phdthesis{Rivera_2021,
	title = {Generalized Linear Latent and Mixed Models: method, estimation procedures, advantages, and applications to educational policy.},
	author = {Rivera, J.},
	school = {KU Leuven},
	year = {2021},
}

%%%%%%%%%%%%%%%%%%%%%%%%%%%%%%%%%%%%%%%%%%%%%%%%%%%%%%%%

@incollection{Bramley_2008,
	author = {Bramley, T.},
	editor = {Newton, P. and Baird, J. and Goldsteing, H. and Patrick, H. and Tymms, P.},
	booktitle = {Techniques for monitoring the comparability of examination standards},
	pages = {246–-300},
	title = {Paired comparison methods},
	publisher = {GOV.UK.},
	year = {2008},
	//doi = {},
	url = {https://www.gov.uk/government/publications/techniques-for-monitoring-the-comparability-of-examination-standards}
}

@incollection{Neal_2012,
	author = {Neal, R.},
	title  = {MCMC Using Hamiltonian Dynamics},
	chapter	= {5},
	booktitle = {Handbook of Markov Chain Monte Carlo},
	editor = {Brooks, S. and Gelman, A. and Jones, G. and Meng, X.},
	publisher = {Chapman & Hall/CRC Press},
	//volume = {},
	pages = {113--162},
	year = {2012},
	//doi = {},
	url = {https://arxiv.org/abs/1206.1901}
}

%%%%%%%%%%%%%%%%%%%%%%%%%%%%%%%%%%%%%%%%%%%%%%%%%%%%%%%%

@misc{Fisher_1992,
	title = {Reliability, Separation, Strata Statistics},
	author = {Fisher, W.},
	note = {Rasch Measurement Transactions},
	year = {1992},
	pages = {238},
	number = {6:3},
	url = {https://rasch.org/rmt/rmt63i.htm},
}

@misc{Wright_1996,
	title = {Reliability and separation},
	author = {Wright, B.},
	note = {Rasch Measurement Transactions},
	year = {1996},
	pages = {472},
	number = {9:4},
	url = {https://rasch.org/rmt/rmt63i.htm},
}

@misc{Qualtrics_2005,
	title = {Qualtrics},
	author = {Wright, B.},
	note = {(Version December 2018)},
	year = {2005},
	pages = {472},
	number = {9:4},
	url = {www.qualtrics.com},
}

@misc{Carrasco_2012,
	title = {Errors-in-variables beta regression models},
	author = {Carrasco, J. and Ferrari, S. and Arellano-Valle, R.},
	note = {arXiv: Methodology},	
	year = {2012},
	url = {https://arxiv.org/abs/1212.0870}
}

@misc{Bramley_2015,
	title = {Investigating the reliability of Adaptive Comparative Judgment},
	author = {Bramley, T.},
	note = {Cambridge Assessment Research Report},
	year = {2015},
	url = {http://www.cambridgeassessment.org.uk/Images/232694-investigating-the-reliability-of-adaptive-comparative-judgment.pdf},
}

@misc{McElreath_2019,
	author = {McElreath, R.},
	title = {Statistical Rethinking, 2019 course},
	year = {2019},
	url = {https://github.com/rmcelreath/statrethinking\_winter2019}
}

@misc{Hernan_2020,
	author = {Hern\'an, M.},
	title = {Causal Diagrams: Draw Your Assumptions Before Your Conclusions},
	year = {2020},
	url = {https://www.edx.org/course/causal-diagrams-draw-your-assumptions-before-your}
}

@misc{RStan_2020,
	title = {{RStan}: the {R} interface to {Stan}},
	author = {{Stan Development Team}},
	note = {R package version 2.21.2},
	year = {2020},
	url = {http://mc-stan.org/},
}

@misc{Vehtari_et_al_2021,
	title = {Pareto Smoothed Importance Sampling}, 
	author = {Vehtari, A and Simpson, D. and Gelman, A. and Yao, Y. and Gabry, J.},
	year = {2021},
	url = {https://arxiv.org/abs/1507.02646},
}

@misc{Hanck_et_al_2021,
	author = {Hanck, C. and Arnold, M. and Gerber, A. and Schmelzer, M.},
	title = {Introduction to Econometrics with R},
	year = {2021},
	url = {https://www.econometrics-with-r.org/index.html}
}

@misc{Trochim_2022,
	title = {The Research Methods Knowledge Base},
	author = {Trochim, W.},
	year = {2022},
	url = {https://conjointly.com/kb/}
}

@misc{McElreath_2022,
	author = {McElreath, R.},
	title = {Statistical Rethinking, 2022 course},
	year = {2022},
	url = {https://github.com/rmcelreath/stat\_rethinking\_2022}
}

@misc{Cunningham_2022,
	author = {Cunningham, S.},
	title = {Causal Inference: The Mixtape},
	year = {2022},
	url = {https://mixtape.scunning.com/index.html}
}

%%%%%%%%%%%%%%%%%%%%%%%%%%%%%%%%%%%%%%%%%%%%%%%%%%%%%%%%

@manual{R_2015,
	title = {R: A Language and Environment for Statistical Computing},
	author = {{R Core Team}},
	organization = {R Foundation for Statistical Computing},
	address	= {Vienna, Austria},
	year = {2015},
	url	= {http://www.R-project.org/},
}

@manual{Stan_2020,
	title = {Stan Modeling Language Users Guide and Reference Manual, version 2.26},
	author = {{Stan Development Team.}},
	//organization = {},
	address	= {Vienna, Austria},
	year = {2021},
	url	= {https://mc-stan.org},
}

%%%%%%%%%%%%%%%%%%%%%%%%%%%%%%%%%%%%%%%%%%%%%%%%%%%%%%%%